@article{PhysRevE.71.036113,
  title = {Efficient generation of large random networks},
  author = {Batagelj, Vladimir and Brandes, Ulrik},
  journal = {Phys. Rev. E},
  volume = {71},
  issue = {3},
  pages = {036113},
  numpages = {5},
  year = {2005},
  month = {Mar},
  publisher = {American Physical Society},
  doi = {10.1103/PhysRevE.71.036113},
  url = {https://link.aps.org/doi/10.1103/PhysRevE.71.036113}
}
